<?xml version='1.0' encoding='utf-8'?>
<Balanza Version="1.3" TipoEnvio="N" FechaModBal="2025-12-31"><Ctas><Cta NumCta="102" Desc="Bancos" SaldoIni="0" Debe="0" Haber="0" SaldoFin="0" /><Cta NumCta="105" Desc="Clientes" SaldoIni="0" Debe="0" Haber="0" SaldoFin="0" /><Cta NumCta="105-01" Desc="Clientes" SaldoIni="0" Debe="0" Haber="0" SaldoFin="0" /><Cta NumCta="105-01-001" Desc="Clientes - PRODUCTOS NATURALES KOPPARA DEL BAJIO SA DE CV PRO" SaldoIni="381176.210000000" Debe="25089.5" Haber="0" SaldoFin="406265.710000000" /><Cta NumCta="105-01-002" Desc="Clientes - MIRIAM DURAN DIAZ" SaldoIni="11600" Debe="0" Haber="0" SaldoFin="11600" /><Cta NumCta="105-01-003" Desc="Clientes - ORVAÑANOS ORGANICA" SaldoIni="7914.41000000000" Debe="590.680000000000" Haber="0" SaldoFin="8505.090000000000" /><Cta NumCta="105-01-004" Desc="Clientes - IRENE MICHELLE MARCELLE LESOT HERNANDEZ" SaldoIni="1587.60000000000" Debe="0" Haber="0" SaldoFin="1587.60000000000" /><Cta NumCta="105-01-005" Desc="Clientes - ENDO CONSULTING LLC" SaldoIni="561" Debe="0" Haber="0" SaldoFin="561" /><Cta NumCta="105-01-006" Desc="Clientes - CLF QUIMICOS" SaldoIni="1691.46000000000" Debe="0" Haber="0" SaldoFin="1691.46000000000" /><Cta NumCta="105-01-007" Desc="Clientes - JORDI JOSAID IBARRA COLIN" SaldoIni="3548.5" Debe="0" Haber="0" SaldoFin="3548.5" /><Cta NumCta="105-01-008" Desc="Clientes - JOSE MIGUEL ORVAÑANOS ACOSTA" SaldoIni="401.75" Debe="0" Haber="0" SaldoFin="401.75" /><Cta NumCta="105-01-009" Desc="Clientes - MAYTE GOMEZ AGUILAR" SaldoIni="6205.27000000000" Debe="0" Haber="0" SaldoFin="6205.27000000000" /><Cta NumCta="1101" Desc="Bancos" SaldoIni="0" Debe="0" Haber="0" SaldoFin="0" /><Cta NumCta="1102" Desc="Clientes" SaldoIni="0" Debe="0" Haber="0" SaldoFin="0" /><Cta NumCta="1103" Desc="Deudores Diversos" SaldoIni="0" Debe="0" Haber="0" SaldoFin="0" /><Cta NumCta="118" Desc="IVA pendiente de pago" SaldoIni="0" Debe="0" Haber="0" SaldoFin="0" /><Cta NumCta="1201" Desc="IVA Acreditable" SaldoIni="57800.75" Debe="3367.38000000000" Haber="0" SaldoFin="61168.13000000000" /><Cta NumCta="201" Desc="Proveedores" SaldoIni="0" Debe="0" Haber="0" SaldoFin="0" /><Cta NumCta="208" Desc="IVA Trasladado" SaldoIni="0" Debe="0" Haber="0" SaldoFin="0" /><Cta NumCta="209" Desc="IVA por cobrar" SaldoIni="0" Debe="0" Haber="0" SaldoFin="0" /><Cta NumCta="2101" Desc="Proveedores" SaldoIni="444638.1300000000000000" Debe="0" Haber="24809.4300000000" SaldoFin="469447.5600000000000000" /><Cta NumCta="2102" Desc="Acreedores Diversos" SaldoIni="0" Debe="0" Haber="0" SaldoFin="0" /><Cta NumCta="213-01" Desc="Impuestos Retenidos por Pagar" SaldoIni="75.6000000000000" Debe="0" Haber="0" SaldoFin="75.6000000000000" /><Cta NumCta="216-01" Desc="IVA Trasladado" SaldoIni="-23462.4700000000" Debe="0" Haber="2017.27000000000" SaldoFin="-25479.74000000000" /><Cta NumCta="2201" Desc="IVA Trasladado" SaldoIni="0" Debe="0" Haber="0" SaldoFin="0" /><Cta NumCta="2202" Desc="IVA Retenido" SaldoIni="0" Debe="0" Haber="0" SaldoFin="0" /><Cta NumCta="2203" Desc="ISR Retenido" SaldoIni="0" Debe="0" Haber="0" SaldoFin="0" /><Cta NumCta="3101" Desc="Capital Social" SaldoIni="0" Debe="0" Haber="0" SaldoFin="0" /><Cta NumCta="3201" Desc="Utilidad del Ejercicio" SaldoIni="0" Debe="0" Haber="0" SaldoFin="0" /><Cta NumCta="401" Desc="Ventas / Ingresos" SaldoIni="0" Debe="0" Haber="0" SaldoFin="0" /><Cta NumCta="401-01" Desc="Ventas y/o Servicios" SaldoIni="391223.730000000" Debe="0" Haber="23662.9100000000" SaldoFin="414886.6400000000" /><Cta NumCta="4101" Desc="Ventas" SaldoIni="0" Debe="0" Haber="0" SaldoFin="0" /><Cta NumCta="4102" Desc="Devoluciones sobre Ventas" SaldoIni="0" Debe="0" Haber="0" SaldoFin="0" /><Cta NumCta="4103" Desc="Descuentos sobre Ventas" SaldoIni="0" Debe="0" Haber="0" SaldoFin="0" /><Cta NumCta="502-01" Desc="Descuentos sobre Compras" SaldoIni="20.4000000000000" Debe="0" Haber="0" SaldoFin="20.4000000000000" /><Cta NumCta="5101" Desc="Costo de Ventas" SaldoIni="0" Debe="0" Haber="0" SaldoFin="0" /><Cta NumCta="600" Desc="Gastos generales" SaldoIni="0" Debe="0" Haber="0" SaldoFin="0" /><Cta NumCta="601" Desc="Gastos Generales" SaldoIni="0" Debe="0" Haber="0" SaldoFin="0" /><Cta NumCta="601-01" Desc="Gastos Generales" SaldoIni="386933.380000000" Debe="21442.0500000000" Haber="0" SaldoFin="408375.4300000000" /><Cta NumCta="6101" Desc="Gastos de Operación" SaldoIni="0" Debe="0" Haber="0" SaldoFin="0" /><Cta NumCta="6102" Desc="Sueldos y Salarios" SaldoIni="0" Debe="0" Haber="0" SaldoFin="0" /><Cta NumCta="6103" Desc="Honorarios" SaldoIni="0" Debe="0" Haber="0" SaldoFin="0" /><Cta NumCta="6104" Desc="Arrendamientos" SaldoIni="0" Debe="0" Haber="0" SaldoFin="0" /><Cta NumCta="6105" Desc="Servicios Profesionales" SaldoIni="0" Debe="0" Haber="0" SaldoFin="0" /><Cta NumCta="999-99-998" Desc="Contrapartida Ajuste (Autogenerada)" SaldoIni="0" Debe="0" Haber="0" SaldoFin="0" /><Cta NumCta="999-99-999" Desc="Ajuste por Cuadre (Autogenerada)" SaldoIni="0" Debe="0" Haber="0" SaldoFin="0" /></Ctas></Balanza>